@misc{wikicite1,
   author = "Wikipedia",
   title = "Atharvaveda --- Wikipedia{,} The Free Encyclopedia",
   year = "2017",
   url = "https://en.wikipedia.org/w/index.php?title=Atharvaveda&oldid=766615982",
   note = "[Online; accessed 5-March-2017]"
 }

